@article{mishra2019application,
  title={Application of student's t-test, analysis of variance, and covariance},
  author={Mishra, Prabhaker and Singh, Uttam and Pandey, Chandra M and Mishra, Priyadarshni and Pandey, Gaurav},
  journal={Annals of cardiac anaesthesia},
  volume={22},
  number={4},
  pages={407--411},
  year={2019},
  publisher={Medknow}
}